@book{gratzer2007more,
  title={More math into latex},
  author={Gr{\"a}tzer, George},
  year={2007},
  publisher={Springer Science \& Business Media}
},


@book{TSAForecasting,
	author = {Box, By and Jenkins, Gwilym and Reinsel, Gregory and Ljung, Greta},
	year = {2016},
	month = {01},
	pages = {},
	title = {Time Series Analysis: Forecasting and Control},
	volume = {68},
	isbn = {978-1-118-67502-1},
	journal = {Journal of the American Statistical Association},
	doi = {10.2307/2284112}
},

@online{Pandas,
  	author = {Pandas Community},
  	title = {{Pandas} Description},
  	year = 2019,
  	url = {https://pandas.pydata.org/},
  	urldate = {2019-09-29}
},



@article{ForecastingAtScale,
author = {Sean J. Taylor and Benjamin Letham},
title = {Forecasting at Scale},
journal = {The American Statistician},
volume = {72},
number = {1},
pages = {37-45},
year  = {2018},
publisher = {Taylor & Francis},
doi = {10.1080/00031305.2017.1380080},

URL = { 
        https://doi.org/10.1080/00031305.2017.1380080
    
},
eprint = { 
        https://doi.org/10.1080/00031305.2017.1380080
    
}
},

@online{FBProphet,
  	author = {Facebook Open Source},
  	title = {{Prophet} Description},
  	year = 2019,
  	url = {https://facebook.github.io/prophet/},
  	urldate = {2019-09-29}
},

@online{StatsModels,
  	author = {Josef, P. and Skipper, S. and Jonathan, T. and statsmodels-developers},
  	title = {{StatsModels} Description},
  	year = 2018,
  	url = {http://www.statsmodels.org/stable/index.html},
  	urldate = {2019-09-29}
},

@online{PyQt,
  	author = {Riverbank Computing Limited},
  	title = {{PyQt} Description},
  	year = 2018,
  	url = {https://www.riverbankcomputing.com/software/pyqt/intro},
  	urldate = {2019-09-29}
},

"https://matplotlib.org/"

@online{Matplotlib,
  	author = {John, H. and Darren, D. and Eric, F. and Michael D. and Matplotlib-development-team},
  	title = {{Matplotlib} Description},
  	year = 2012,
  	url = {https://matplotlib.org/},
  	urldate = {2019-09-29}
},